@article{nissenbaumPrivacy,
  title={Privacy as contextual integrity},
  author={Nissenbaum, Helen},
  journal={Wash. L. Rev.},
  volume={79},
  pages={119},
  year={2004},
  publisher={HeinOnline}
}
@misc{facebooktracking, title={Facebook admits it tracks non-users, but denies claims it breaches EU privacy law}, url={https://www.theguardian.com/technology/2015/apr/10/facebook-admits-it-tracks-non-users-but-denies-claims-it-breaches-eu-privacy-law}, journal={The Guardian}, publisher={Guardian News and Media}, author={Gibbs, Samuel}, year={2015}, month={Apr}}
@misc{targetpregnant, title={The Incredible Story Of How Target Exposed A Teen Girl's Pregnancy}, url={http://www.businessinsider.com/the-incredible-story-of-how-target-exposed-a-teen-girls-pregnancy-2012-2}, journal={Business Insider}, publisher={Business Insider}, author={Lubin, Gus}, year={2012}, month={Feb}}
@misc{linuxNSA, title={Linux Lands on NSA Watch List}, url={http://www.eweek.com/security/linux-lands-on-nsa-watch-list}, journal={eWEEK}, author={Kerner, Sean Michael}, year={2018}, month={Jun}} 
